<record><leader>00000cas a2200000 a 4500</leader><controlfield tag="001">17009498</controlfield><controlfield tag="008">871120d19131913wauwr ne      0    0eng d</controlfield><datafield ind1=" " ind2=" " tag="010"><subfield code="a">sn 87093067 </subfield></datafield><datafield ind1=" " ind2=" " tag="040"><subfield code="a">SLZ</subfield><subfield code="b">eng</subfield><subfield code="c">SLZ</subfield><subfield code="d">OCL</subfield><subfield code="d">OCLCQ</subfield><subfield code="d">OCLCF</subfield><subfield code="d">OCLCO</subfield></datafield><datafield ind1="1" ind2=" " tag="029"><subfield code="a">AU@</subfield><subfield code="b">000025838435</subfield></datafield><datafield ind1=" " ind2=" " tag="042"><subfield code="a">msc</subfield></datafield><datafield ind1=" " ind2=" " tag="043"><subfield code="a">n-us-wa</subfield></datafield><datafield ind1="0" ind2=" " tag="130"><subfield code="a">Port Angeles leader (Port Angeles, Wash. : 1913)</subfield></datafield><datafield ind1="1" ind2="0" tag="245"><subfield code="a">Port Angeles leader.</subfield></datafield><datafield ind1=" " ind2=" " tag="260"><subfield code="a">Port Angeles, Wash. :</subfield><subfield code="b">Webster &amp; Webster</subfield></datafield><datafield ind1=" " ind2=" " tag="300"><subfield code="a">1 v.</subfield></datafield><datafield ind1=" " ind2=" " tag="310"><subfield code="a">Weekly</subfield></datafield><datafield ind1="0" ind2=" " tag="362"><subfield code="a">Vol. 29, no. 10 (Mar. 7, 1913)-v. 29, no. 18 (May 2, 1913).</subfield></datafield><datafield ind1=" " ind2="0" tag="651"><subfield code="a">Port Angeles (Wash.)</subfield><subfield code="v">Newspapers.</subfield></datafield><datafield ind1=" " ind2="7" tag="655"><subfield code="a">Newspapers.</subfield><subfield code="2">fast</subfield><subfield code="0">(OCoLC)fst01423814</subfield></datafield><datafield ind1=" " ind2="7" tag="651"><subfield code="a">Washington (State)</subfield><subfield code="z">Port Angeles.</subfield><subfield code="2">fast</subfield><subfield code="0">(OCoLC)fst01218853</subfield></datafield><datafield ind1=" " ind2=" " tag="752"><subfield code="a">United States</subfield><subfield code="b">Washington</subfield><subfield code="c">Clallam</subfield><subfield code="d">Port Angeles.</subfield></datafield><datafield ind1="0" ind2="1" tag="780"><subfield code="t">Olympic-leader (Port Angeles, Wash.)</subfield><subfield code="w">(DLC)sn 87093068</subfield></datafield><datafield ind1="0" ind2="7" tag="785"><subfield code="t">Port Angeles olympic</subfield><subfield code="w">(DLC)sn 87093066</subfield></datafield><datafield ind1="0" ind2="7" tag="785"><subfield code="t">Port Angeles olympic-leader</subfield><subfield code="w">(DLC)sn 87093065</subfield></datafield></record>